<record><leader>00000cas a22000007a 4500</leader><controlfield tag="001">21988863</controlfield><controlfield tag="008">900711d196919uupr  x ne      0    0spa d</controlfield><datafield ind1=" " ind2=" " tag="010"><subfield code="a">sn 90070069 </subfield></datafield><datafield ind1=" " ind2=" " tag="040"><subfield code="a">PNN</subfield><subfield code="b">eng</subfield><subfield code="c">PNN</subfield><subfield code="d">OCLCQ</subfield></datafield><datafield ind1=" " ind2=" " tag="042"><subfield code="a">msc</subfield></datafield><datafield ind1="0" ind2="0" tag="245"><subfield code="a">Guasa&#769;bara.</subfield></datafield><datafield ind1=" " ind2=" " tag="260"><subfield code="a">Ri&#769;o Piedras, P.R. :</subfield><subfield code="b">Colegio de Humanidades UPR Recinto de Rio Piedras</subfield></datafield><datafield ind1=" " ind2=" " tag="300"><subfield code="a">v.</subfield></datafield><datafield ind1=" " ind2=" " tag="310"><subfield code="a">Irregular</subfield></datafield><datafield ind1="0" ind2=" " tag="362"><subfield code="a">An&#771;o 1, no. 1 (Feb. 1969)-</subfield></datafield><datafield ind1=" " ind2=" " tag="752"><subfield code="a">United States</subfield><subfield code="b">Puerto Rico</subfield><subfield code="d">Ri&#769;o Piedras.</subfield></datafield></record>